<?xml version="1.0" encoding="UTF-8"?><collection xmlns="http://www.loc.gov/MARC21/slim"><record><leader>00546nam--2200193-u-4500</leader><controlfield tag="001">000052712</controlfield><controlfield tag="002">20161230</controlfield><controlfield tag="005">20161230201050</controlfield><controlfield tag="008">101004s1000------------r-----000-0-eng-d</controlfield><datafield ind1=" " ind2=" " tag="020"><subfield code="a">0780198507239</subfield></datafield><datafield ind1=" " ind2=" " tag="040"><subfield code="a">IFIN-HH</subfield></datafield><datafield ind1=" " ind2=" " tag="080"><subfield code="a">530.182:517.9</subfield></datafield><datafield ind1="1" ind2=" " tag="100"><subfield code="a">Hilborn, Robert C</subfield></datafield><datafield ind1="1" ind2="0" tag="245"><subfield code="a">Chaos and Nonlinear Dynamics</subfield><subfield code="b">An Introduction for Scientists and Engineers</subfield><subfield code="c">Robert C. Hilborn</subfield></datafield><datafield ind1=" " ind2=" " tag="250"><subfield code="a">Second Edition</subfield></datafield><datafield ind1=" " ind2=" " tag="260"><subfield code="a">Oxford</subfield><subfield code="b">University Press</subfield><subfield code="c">1994</subfield></datafield><datafield ind1=" " ind2=" " tag="300"><subfield code="a">650 p</subfield></datafield><datafield ind1=" " ind2=" " tag="852"><subfield code="a">81676</subfield><subfield code="c">530.161</subfield></datafield><datafield ind1=" " ind2=" " tag="CAT"><subfield code="a">Sys</subfield><subfield code="c">20101004</subfield><subfield code="h">131640</subfield></datafield></record></collection>